@booklet{osbook,
  author = {Erik Helin and Adam Renberg},
  title = {The little book about OS development},
  year = {2015},
  url = {https://littleosbook.github.io/}
}

@online{oswiki,
  title = {OSDev.org},
  url = {https://wiki.osdev.org/}
}

@manual{virtiodocs,
  title = {Virtual I/O Device (VIRTIO) Version 1.0 Committee Specification 04},
  year = {2016},
  url = {http://docs.oasis-open.org/virtio/virtio/v1.0/virtio-v1.0.pdf}
}

@article{virtioblogpost,
  title = {Virtio Driver Implementation},
  year = {2016},
  url = {http://www.dumais.io/index.php?article=aca38a9a2b065b24dfa1dee728062a12}
}

@online{artoftheproblemrsa,
  title = {Public Key Cryptography},
  year = {2013},
  author = {Art of the Problem},
  url = {https://www.youtube.com/watch?v=8CluknrLeys\&list=PLbg3ZX2pWlgLoapF5VvM_8h5OR-XW9pbr\&index=1}
}

@article{howcomputersbootup,
  title = {How Computers Boot Up},
  year = {2008},
  url = {https://manybutfinite.com/post/how-computers-boot-up/}
}

@online{tinybignumc,
  title = {tiny-bignum-c},
  author = {kokke},
  url = {https://github.com/kokke/tiny-bignum-c}
}

@online{linux-source,
  title = {Linux soure, GitHub},
  url = {https://github.com/torvalds/linux}
}

@manual{sysvabi,
  title = {System V Application Binary Interface. Intel386 Architecture Processor Supplement, Fourth Edition},
  year = {1997},
  url = {http://www.sco.com/developers/devspecs/abi386-4.pdf}
}

@online{whyzig,
  title = {Why Zig When There is Already C++, D, and Rust?},
  url = {https://ziglang.org/learn/why_zig_rust_d_cpp/}
}

@article{rsapaper,
  title = {A Method for Obtaining Digital Signatures and Public-Key Cryptosystems},
  author = {R.L. Rivest and A. Shamir and L. Adleman},
  year = {1977},
  url = {http://people.csail.mit.edu/rivest/Rsapaper.pdf}
}

@article{primesieve,
  title = {An Introduction to Prime Number Sieves},
  author = {Jonathan Sorenson},
  year = {1990},
  url = {https://research.cs.wisc.edu/techreports/1990/TR909.pdf}
}

@online{carmichaelrare,
  title = {OEIS sequence A055553 - Number of Carmichael numbers (A002997) less than 10\^{}n},
  author = {Eric W. Weisstein},
  url = {https://oeis.org/A055553}
}

@book{algo-intro,
  title = {Introduction to Algorithms, Third Edition},
  author = {Thomas H. Cormen and Charles E. Leiserson and Ronald L. Rivest and Clifford Stein},
  year = {2009}
}

@book{assembly-for-beginners,
  title = {Assembly Language Step-by-Step, Third Edition},
  author = {Jeff Duntemann},
  year = {2009}
}

@online{tomsfastmath,
  title = {tomsfastmath},
  url = {https://github.com/libtom/tomsfastmath}
}

@online{bignum-embedded,
  title = {bignum-embedded},
  url = {https://github.com/melwilson/bignum-embedded},
}

@manual{intel-manual-1,
  title = {Intel® 64 and IA-32 Architectures Software Developer's Manual Volume 1: Basic Architecture},
  year = {2020},
  url = {https://software.intel.com/content/www/us/en/develop/download/intel-64-and-ia-32-architectures-software-developers-manual-volume-1-basic-architecture.html}
}

@manual{intel-manual-3a,
  title = {Intel® 64 and IA-32 ArchitecturesSoftware Developer’s Manual Volume 3A: System Programming Guide, Part 1},
  year = {2016},
  url = {https://www.intel.com/content/www/us/en/architecture-and-technology/64-ia-32-architectures-software-developer-vol-3a-part-1-manual.html}
}

@manual{amd-manual,
  title = {AMD64 ArchitectureProgrammer’s Manual Volume 2: System Programming},
  year = {2013},
  url = {https://www.amd.com/system/files/TechDocs/24593.pdf}
}

@manual{intel-pic,
  title = {Intel® 8259A Programmable Interrupt Controller (8259A/8259A-2) Datasheet},
  url = {https://pdos.csail.mit.edu/6.828/2005/readings/hardware/8259A.pdf}
}

@unpublished{vmware-whitepaper,
  title = {Understanding Full Virtualization, Paravirtualization, and Hardware Assist},
  url = {https://web.archive.org/web/20081203005650/http://www.vmware.com/files/pdf/VMware_paravirtualization.pdf}
}

@online{intel-rdrand,
  title = {What is Intel® Secure Key Technology?},
  author = {Gael H Hofemeler},
  year = {2012},
  url = {https://software.intel.com/content/www/us/en/develop/blogs/what-is-intelr-secure-key-technology.html}
}
